% 参考文献数据库文件 - references.bib

% 原著书籍
@book{ray2024deep,
  title={Deep Learning and Computational Physics},
  author={Ray, Deep and Pinti, Orazio and Oberai, Assad A.},
  year={2024},
  publisher={Springer},
  isbn={978-3-031-59345-1},
  url={https://link.springer.com/book/10.1007/978-3-031-59345-1}
}

% 深度学习经典教材
@book{goodfellow2016deep,
  title={Deep Learning},
  author={Goodfellow, Ian and Bengio, Yoshua and Courville, Aaron},
  year={2016},
  publisher={MIT Press},
  isbn={978-0262035613}
}

% 计算物理经典教材
@book{newman2012computational,
  title={Computational Physics},
  author={Newman, Mark},
  year={2012},
  publisher={CreateSpace Independent Publishing Platform},
  isbn={978-1480145511}
}

% Physics-Informed Neural Networks相关论文
@article{raissi2019physics,
  title={Physics-informed neural networks: A deep learning framework for solving forward and inverse problems involving nonlinear partial differential equations},
  author={Raissi, Maziar and Perdikaris, Paris and Karniadakis, George Em},
  journal={Journal of Computational Physics},
  volume={378},
  pages={686--707},
  year={2019},
  publisher={Elsevier}
}

% TensorFlow文档
@misc{tensorflow2023,
  title={TensorFlow: An Open Source Machine Learning Framework for Everyone},
  author={Abadi, Mart{\'\i}n and others},
  year={2023},
  howpublished={https://www.tensorflow.org/},
  note={Accessed: 2024-01-15}
}

% PyTorch文档  
@misc{pytorch2023,
  title={PyTorch: Tensors and Dynamic neural networks in Python},
  author={Paszke, Adam and others},
  year={2023},
  howpublished={https://pytorch.org/},
  note={Accessed: 2024-01-15}
}

% 数值分析经典教材
@book{burden2015numerical,
  title={Numerical Analysis},
  author={Burden, Richard L and Faires, J Douglas and Burden, Annette M},
  year={2015},
  edition={10},
  publisher={Cengage Learning}
}

% 偏微分方程数值解法
@book{strikwerda2004finite,
  title={Finite Difference Schemes and Partial Differential Equations},
  author={Strikwerda, John C},
  year={2004},
  edition={2},
  publisher={SIAM}
}

% 蒙特卡洛方法
@book{robert2004monte,
  title={Monte Carlo Statistical Methods},
  author={Robert, Christian P and Casella, George},
  year={2004},
  edition={2},
  publisher={Springer}
}

% 优化理论
@book{nocedal2006numerical,
  title={Numerical Optimization},
  author={Nocedal, Jorge and Wright, Stephen J},
  year={2006},
  edition={2},
  publisher={Springer}
}

% 机器学习理论基础
@book{bishop2006pattern,
  title={Pattern Recognition and Machine Learning},
  author={Bishop, Christopher M},
  year={2006},
  publisher={Springer}
}

% 科学计算Python
@book{johansson2018numerical,
  title={Numerical Python: Scientific Computing and Data Science Applications with Numpy, SciPy and Matplotlib},
  author={Johansson, Robert},
  year={2018},
  edition={2},
  publisher={Apress}
}

% 示例论文引用格式
@article{example2024method,
  title={一种新的深度学习方法在计算物理中的应用},
  author={张三 and 李四},
  journal={计算物理学报},
  volume={41},
  number={3},
  pages={123--135},
  year={2024},
  language={chinese}
}

% 会议论文示例
@inproceedings{example2023conference,
  title={Deep Learning Applications in Quantum Mechanics},
  author={Smith, John and Doe, Jane},
  booktitle={Proceedings of the International Conference on Computational Physics},
  pages={45--52},
  year={2023},
  organization={IEEE}
}

% arXiv预印本示例
@misc{example2024arxiv,
  title={Novel Approaches to Physics-Informed Deep Learning},
  author={Brown, Alice and Johnson, Bob},
  year={2024},
  eprint={2401.12345},
  archivePrefix={arXiv},
  primaryClass={physics.comp-ph}
}